<?xml version="1.0" encoding="UTF-8"?><collection xmlns="http://www.loc.gov/MARC21/slim"><record><leader>00511nam--2200181-i-4500</leader><controlfield tag="001">000031211</controlfield><controlfield tag="002">20161230</controlfield><controlfield tag="005">20170119005347</controlfield><controlfield tag="008">060222s1000------------r-----000-0-eng-d</controlfield><datafield ind1=" " ind2=" " tag="040"><subfield code="a">IFIN-HH</subfield></datafield><datafield ind1=" " ind2=" " tag="080"><subfield code="a">801.323.2=20=590</subfield></datafield><datafield ind1="1" ind2=" " tag="100"><subfield code="a">Lolliot, Henry L</subfield></datafield><datafield ind1="1" ind2="0" tag="245"><subfield code="a">Dictionar englez-roman</subfield><subfield code="b">Opera tiparita cu cheltuiala statului</subfield><subfield code="c">Henry L. Lolliot</subfield></datafield><datafield ind1=" " ind2=" " tag="260"><subfield code="a">Bucuresti</subfield><subfield code="b">Imprimeria Statului</subfield><subfield code="c">1908</subfield></datafield><datafield ind1=" " ind2=" " tag="300"><subfield code="a">2 vol</subfield></datafield><datafield ind1="1" ind2=" " tag="787"><subfield code="a">Vol. II. M-Z</subfield><subfield code="h">864 p</subfield></datafield><datafield ind1=" " ind2=" " tag="852"><subfield code="a">D.110</subfield><subfield code="c">SLG</subfield></datafield><datafield ind1=" " ind2=" " tag="CAT"><subfield code="a">SYS</subfield><subfield code="c">20170119</subfield><subfield code="h">005347</subfield></datafield></record></collection>